<record><leader>00000cas a22000007a 4500</leader><controlfield tag="001">16412644</controlfield><controlfield tag="008">870810c19739999pauir ne      0   a0eng d</controlfield><datafield ind1=" " ind2=" " tag="010"><subfield code="a">sn 87080497 </subfield></datafield><datafield ind1=" " ind2=" " tag="040"><subfield code="a">NPH</subfield><subfield code="b">eng</subfield><subfield code="c">NPH</subfield><subfield code="d">NSD</subfield><subfield code="d">OCLCQ</subfield></datafield><datafield ind1=" " ind2=" " tag="012"><subfield code="k">1</subfield><subfield code="m">1</subfield></datafield><datafield ind1="1" ind2=" " tag="022"><subfield code="a">1052-4460</subfield><subfield code="l">1052-4460</subfield><subfield code="2">1</subfield></datafield><datafield ind1=" " ind2=" " tag="032"><subfield code="a">432520</subfield><subfield code="b">USPS</subfield></datafield><datafield ind1=" " ind2=" " tag="037"><subfield code="b">The News Eagle, Hawley, PA 18428</subfield></datafield><datafield ind1=" " ind2=" " tag="042"><subfield code="a">msc</subfield><subfield code="a">nsdp</subfield></datafield><datafield ind1=" " ind2="4" tag="222"><subfield code="a">The News eagle</subfield></datafield><datafield ind1="0" ind2="0" tag="245"><subfield code="a">News-eagle.</subfield></datafield><datafield ind1="1" ind2="3" tag="246"><subfield code="a">Delaware Valley news-Pike-Wayne eagle,</subfield><subfield code="f">Feb. 8, 1973-May 17, 1978</subfield></datafield><datafield ind1=" " ind2=" " tag="260"><subfield code="a">Hawley, Pa. :</subfield><subfield code="b">Dyson Publications,</subfield><subfield code="c">1973-</subfield></datafield><datafield ind1=" " ind2=" " tag="300"><subfield code="a">v. :</subfield><subfield code="b">ill. ;</subfield><subfield code="c">55 cm.</subfield></datafield><datafield ind1=" " ind2=" " tag="310"><subfield code="a">Three times a week,</subfield><subfield code="b">&lt;July 17, 1990-&gt;</subfield></datafield><datafield ind1=" " ind2=" " tag="321"><subfield code="a">Semiweekly,</subfield><subfield code="b">1973-</subfield></datafield><datafield ind1="0" ind2=" " tag="362"><subfield code="a">Vol. 1, no. 1 (Feb. 8, 1973)-</subfield></datafield><datafield ind1=" " ind2=" " tag="500"><subfield code="a">"Delaware Valley" appears above "News," and "Pike-Wayne" above "Eagle," on masthead logo, Feb. 8, 1973-May 17, 1978.</subfield></datafield><datafield ind1=" " ind2=" " tag="500"><subfield code="a">Publisher: The News Eagle, Inc., &lt;Mar. 28, 1991-&gt;</subfield></datafield><datafield ind1=" " ind2=" " tag="500"><subfield code="a">"Serving 3,500 families on both sides of the Delaware."</subfield></datafield><datafield ind1=" " ind2=" " tag="580"><subfield code="a">Published on Thursdays with supplement called: Hemlock herald, Feb. 27, 1975-</subfield></datafield><datafield ind1=" " ind2=" " tag="588"><subfield code="a">Latest issue consulted: Vol. 19, no. 23 (Mar. 28, 1991).</subfield></datafield><datafield ind1=" " ind2=" " tag="752"><subfield code="a">United States</subfield><subfield code="b">Pennsylvania</subfield><subfield code="c">Wayne</subfield><subfield code="d">Hawley.</subfield></datafield><datafield ind1=" " ind2=" " tag="752"><subfield code="a">United States</subfield><subfield code="b">Pennsylvania</subfield><subfield code="c">Wayne</subfield><subfield code="d">Hemlock Farms.</subfield></datafield><datafield ind1=" " ind2=" " tag="752"><subfield code="a">United States</subfield><subfield code="b">Pennsylvania</subfield><subfield code="c">Pike.</subfield></datafield><datafield ind1="1" ind2=" " tag="770"><subfield code="t">Hemlock herald</subfield><subfield code="w">(DLC)sn 87080498</subfield></datafield><datafield ind1="0" ind2="4" tag="780"><subfield code="t">Pike-Wayne eagle (Hawley, Pa. : 1971)</subfield><subfield code="w">(DLC)sn 87078381</subfield></datafield><datafield ind1="0" ind2="4" tag="780"><subfield code="t">News-times (Narrowsburg, N.Y.)</subfield><subfield code="w">(DLC)sn 87080499</subfield></datafield></record>